<collection xmlns="http://www.loc.gov/MARC21/slim">
<record>
  <leader>01514nam0a22002531i 450 </leader>
  <controlfield tag="001">IT\ICCU\CNCE\065898</controlfield>
  <controlfield tag="005">20060831000000.0</controlfield>
  <datafield tag="012" ind1=" " ind2=" ">
    <subfield code="a">e-A- siea nir- gndi (3) 1586 (R)</subfield>
    <subfield code="2">fei</subfield>
  </datafield>
  <datafield tag="100" ind1=" " ind2=" ">
    <subfield code="a">20060728d1586        0itac0103    ba</subfield>
  </datafield>
  <datafield tag="101" ind1=" " ind2=" ">
    <subfield code="a">ITA</subfield>
  </datafield>
  <datafield tag="102" ind1=" " ind2=" ">
    <subfield code="a">IT</subfield>
  </datafield>
  <datafield tag="200" ind1="1" ind2=" ">
    <subfield code="a">Dell&apos;historia della China descritta dal p.m. Gio. Gonzalez di Mendozza dell&apos;ord. di s. Agost. nella lingua spagnuola. Et tradotta nell&apos;italiana dal magn. m. Francesco Auanzo, cittadino originario di Venetia. Parti due, diuise in tre libri, &amp; in tre viaggi fatti da i padri Agostiniani, &amp; Franciscani in quei paesi. ...  Con vna copiosissima tauola delle cose notabili, che ci sono</subfield>
  </datafield>
  <datafield tag="210" ind1=" " ind2=" ">
    <subfield code="a">In Roma</subfield>
    <subfield code="c">appresso Vincentio Pelagallo</subfield>
    <subfield code="d">1586</subfield>
  </datafield>
  <datafield tag="215" ind1=" " ind2=" ">
    <subfield code="a">\48!, 379, \1! p.</subfield>
    <subfield code="d">4o</subfield>
  </datafield>
  <datafield tag="300" ind1=" " ind2=" ">
    <subfield code="a">Segn.: a-b4, a-d4 A-Z8 2A6. -  Altra emissione reca sul front. la sottoscrizione di Bartolomeo Grassi. -  Stemma di papa Sisto 5. sul front</subfield>
  </datafield>
  <datafield tag="620" ind1=" " ind2=" ">
    <subfield code="a">IT</subfield>
    <subfield code="d">Roma</subfield>
  </datafield>
  <datafield tag="700" ind1=" " ind2="1">
    <subfield code="a">Gonzalez de Mendoza,</subfield>
    <subfield code="b">Juan</subfield>
    <subfield code="3">IT\ICCU\CNCA\006208</subfield>
  </datafield>
  <datafield tag="702" ind1=" " ind2="1">
    <subfield code="a">Avanzi,</subfield>
    <subfield code="b">Francesco</subfield>
    <subfield code="3">IT\ICCU\CNCA\000970</subfield>
  </datafield>
  <datafield tag="712" ind1="0" ind2="0">
    <subfield code="a">Pelagallo, Vincenzo</subfield>
    <subfield code="3">IT\ICCU\CNCT\001312</subfield>
    <subfield code="4">650</subfield>
  </datafield>
  <datafield tag="791" ind1="0" ind2="0">
    <subfield code="a">Pelegallo, Vincenzo</subfield>
    <subfield code="3">IT\ICCU\CNCT\002195</subfield>
    <subfield code="z">Pelagallo, Vincenzo</subfield>
  </datafield>
  <datafield tag="791" ind1="0" ind2="0">
    <subfield code="a">Pellagallo, Vincenzio</subfield>
    <subfield code="3">IT\ICCU\CNCT\002472</subfield>
    <subfield code="z">Pelagallo, Vincenzo</subfield>
  </datafield>
  <datafield tag="791" ind1="0" ind2="0">
    <subfield code="a">Pelagallus, Vincentius</subfield>
    <subfield code="3">IT\ICCU\CNCT\005340</subfield>
    <subfield code="z">Pelagallo, Vincenzo</subfield>
  </datafield>
  <datafield tag="801" ind1=" " ind2="3">
    <subfield code="a">IT</subfield>
    <subfield code="b">ICCU</subfield>
    <subfield code="c">20201115</subfield>
  </datafield>
  <datafield tag="899" ind1=" " ind2=" ">
    <subfield code="a">Biblioteca del Seminario Vescovile della Facolt ̉Teologica del Triveneto dell&apos;Istituto Filosofico Aloisianum. Padova</subfield>
    <subfield code="1">PD0073</subfield>
    <subfield code="2">PUV 01</subfield>
  </datafield>
</record>
</collection>
